
@article{fulton2015,
	title = {Modelling marine protected areas: insights and hurdles},
	author = {Fulton, Elizabeth A. and Bax, Nicholas J. and Bustamante, Rodrigo H. and Dambacher, Jeffrey M. and Dichmont, Catherine and Dunstan, Piers K. and Hayes, Keith R. and Hobday, Alistair J. and Pitcher, Roland and {Plagányi}, {Éva E.} and Punt, {André E.} and Savina-Rolland, Marie and Smith, Anthony D. M. and Smith, David C.},
	year = {2015},
	month = {11},
	date = {2015-11-05},
	journal = {Phil. Trans. R. Soc. B},
	pages = {20140278},
	volume = {370},
	number = {1681},
	doi = {10.1098/rstb.2014.0278},
	url = {http://rstb.royalsocietypublishing.org/content/370/1681/20140278},
	note = {PMID: 26460131},
	langid = {en}
}

@article{hastings1999,
	title = {Equivalence in Yield from Marine Reserves and Traditional Fisheries Management},
	author = {Hastings, Alan and Botsford, Louis W.},
	year = {1999},
	month = {05},
	date = {1999-05-28},
	journal = {Science},
	pages = {1537--1538},
	volume = {284},
	number = {5419},
	doi = {10.1126/science.284.5419.1537},
	url = {http://science.sciencemag.org/content/284/5419/1537},
	note = {PMID: 10348743},
	langid = {en}
}

@article{audzijonyte2019,
	title = {Atlantis: A spatially explicit end-to-end marine ecosystem model with dynamically integrated physics, ecology and socio-economic modules},
	author = {Audzijonyte, Asta and Pethybridge, Heidi and Porobic, Javier and Gorton, Rebecca and Kaplan, Isaac and Fulton, Elizabeth A.},
	year = {2019},
	date = {2019},
	journal = {Methods in Ecology and Evolution},
	pages = {1814--1819},
	volume = {10},
	number = {10},
	doi = {10.1111/2041-210X.13272},
	url = {https://onlinelibrary.wiley.com/doi/abs/10.1111/2041-210X.13272},
	note = {{\_}eprint: https://onlinelibrary.wiley.com/doi/pdf/10.1111/2041-210X.13272},
	langid = {en}
}

@article{sala2021,
	title = {Protecting the global ocean for biodiversity, food and climate},
	author = {Sala, Enric and Mayorga, Juan and Bradley, Darcy and Cabral, Reniel B. and Atwood, Trisha B. and Auber, Arnaud and Cheung, William and Costello, Christopher and Ferretti, Francesco and Friedlander, Alan M. and Gaines, Steven D. and Garilao, Cristina and Goodell, Whitney and Halpern, Benjamin S. and Hinson, Audra and Kaschner, Kristin and Kesner-Reyes, Kathleen and Leprieur, Fabien and McGowan, Jennifer and Morgan, Lance E. and Mouillot, David and Palacios-Abrantes, Juliano and Possingham, Hugh P. and Rechberger, Kristin D. and Worm, Boris and Lubchenco, Jane},
	year = {2021},
	month = {03},
	date = {2021-03-17},
	journal = {Nature},
	pages = {1--6},
	doi = {10.1038/s41586-021-03371-z},
	url = {https://www.nature.com/articles/s41586-021-03371-z},
	note = {Publisher: Nature Publishing Group},
	langid = {en}
}

@article{ovando2023,
	title = {Global effects of marine protected areas on food security are unknown},
	author = {Ovando, Daniel and Liu, Owen and Molina, Renato and Parma, Ana and Szuwalski, Cody},
	year = {2023},
	month = {09},
	date = {2023-09},
	journal = {Nature},
	pages = {E34--E36},
	volume = {621},
	number = {7979},
	doi = {10.1038/s41586-023-06493-8},
	url = {https://www.nature.com/articles/s41586-023-06493-8},
	note = {Number: 7979
Publisher: Nature Publishing Group},
	langid = {en}
}

@article{ovando2023a,
	title = {Simulating benefits, costs and trade-offs of spatial management in marine social-ecological systems},
	author = {Ovando, Daniel and Bradley, Darcy and Burns, Echelle and Thomas, Lennon and Thorson, James},
	year = {2023},
	date = {2023},
	journal = {Fish and Fisheries},
	volume = {n/a},
	number = {n/a},
	doi = {10.1111/faf.12804},
	url = {https://onlinelibrary.wiley.com/doi/abs/10.1111/faf.12804},
	note = {{\_}eprint: https://onlinelibrary.wiley.com/doi/pdf/10.1111/faf.12804},
	langid = {en}
}

@article{cabral2020,
	title = {A global network of marine protected areas for food},
	author = {Cabral, Reniel B. and Bradley, Darcy and Mayorga, Juan and Goodell, Whitney and Friedlander, Alan M. and Sala, Enric and Costello, Christopher and Gaines, Steven D.},
	year = {2020},
	month = {11},
	date = {2020-11-10},
	journal = {Proceedings of the National Academy of Sciences},
	pages = {28134--28139},
	volume = {117},
	number = {45},
	doi = {10.1073/pnas.2000174117},
	url = {https://www.pnas.org/doi/10.1073/pnas.2000174117},
	note = {Publisher: Proceedings of the National Academy of Sciences}
}

@article{murdoch2002,
	title = {Single-species models for many-species food webs},
	author = {Murdoch, W. W. and Kendall, B. E. and Nisbet, R. M. and Briggs, C. J. and McCauley, E. and Bolser, R.},
	year = {2002},
	month = {05},
	date = {2002-05},
	journal = {Nature},
	pages = {541--543},
	volume = {417},
	number = {6888},
	doi = {10.1038/417541a},
	url = {https://www.nature.com/articles/417541a},
	note = {Publisher: Nature Publishing Group},
	langid = {en}
}
